@article{sklar1959,
  title={Fonctions de répartition à n dimensions et leurs marges},
  author={Sklar, Abe},
  journal={Publ. inst. statist. univ. Paris},
  volume={8},
  pages={229--231},
  year={1959}
}
@article{durante2013topological,
  title={A topological proof of Sklar’s theorem},
  author={Durante, Fabrizio and Fernandez-Sanchez, Juan and Sempi, Carlo},
  journal={Applied Mathematics Letters},
  volume={26},
  number={9},
  pages={945--948},
  year={2013},
  publisher={Elsevier}
}
@article{angus1994probability,
  title={The probability integral transform and related results},
  author={Angus, John E},
  journal={SIAM review},
  volume={36},
  number={4},
  pages={652--654},
  year={1994},
  publisher={SIAM}
}
@article{demarta2005t,
  title={The t copula and related copulas},
  author={Demarta, Stefano and McNeil, Alexander J},
  journal={International statistical review},
  volume={73},
  number={1},
  pages={111--129},
  year={2005},
  publisher={Wiley Online Library}
}
@article{salmon2012formula,
  title={The formula that killed Wall Street},
  author={Salmon, Felix},
  journal={Significance},
  volume={9},
  number={1},
  pages={16--20},
  year={2012},
  publisher={Wiley Online Library}
}
@article{mashal2003dependence,
  title={On the dependence of equity and asset returns},
  author={Mashal, Roy and Naldi, Marco and Zeevi, Assaf},
  journal={RISK-LONDON-RISK MAGAZINE LIMITED-},
  volume={16},
  number={10},
  pages={83--88},
  year={2003},
  publisher={RISK MAGAZINE LIMITED}
}
@article{breymann2003dependence,
  title={Dependence structures for multivariate high-frequency data in finance},
  author={Breymann, Wolfgang and Dias, Alexandra and Embrechts, Paul},
  year={2003},
  publisher={Taylor \& Francis}
}
@article{lucas2014conditional,
  title={Conditional euro area sovereign default risk},
  author={Lucas, Andr{\'e} and Schwaab, Bernd and Zhang, Xin},
  journal={Journal of Business \& Economic Statistics},
  volume={32},
  number={2},
  pages={271--284},
  year={2014},
  publisher={Taylor \& Francis}
}
@article{mcneil2009multivariate,
  title={Multivariate Archimedean copulas, d-monotone functions and L1-norm symmetric distributions},
  author={McNeil, Alexander J and Ne{\v{s}}lehov{\'a}, Johanna and others},
  journal={The Annals of Statistics},
  volume={37},
  number={5B},
  pages={3059--3097},
  year={2009},
  publisher={Institute of Mathematical Statistics}
}
@book{nelsen2007introduction,
  title={An introduction to copulas},
  author={Nelsen, Roger B},
  year={2007},
  publisher={Springer Science \& Business Media}
}
@article{genest1993statistical,
  title={Statistical inference procedures for bivariate Archimedean copulas},
  author={Genest, Christian and Rivest, Louis-Paul},
  journal={Journal of the American statistical Association},
  volume={88},
  number={423},
  pages={1034--1043},
  year={1993},
  publisher={Taylor \& Francis}
}
@article{clayton1978model,
  title={A model for association in bivariate life tables and its application in epidemiological studies of familial tendency in chronic disease incidence},
  author={Clayton, David G},
  journal={Biometrika},
  volume={65},
  number={1},
  pages={141--151},
  year={1978},
  publisher={Oxford University Press}
}
@article{kendall1938new,
  title={A new measure of rank correlation},
  author={Kendall, Maurice G},
  journal={Biometrika},
  volume={30},
  number={1/2},
  pages={81--93},
  year={1938},
  publisher={JSTOR}
}
@article{blomqvist1950measure,
  title={On a measure of dependence between two random variables},
  author={Blomqvist, Nils},
  journal={The Annals of Mathematical Statistics},
  pages={593--600},
  year={1950},
  publisher={JSTOR}
}
@book{mcneil2015quantitative,
  title={Quantitative risk management: concepts, techniques and tools-revised edition},
  author={McNeil, Alexander J and Frey, R{\"u}diger and Embrechts, Paul},
  year={2015},
  publisher={Princeton university press}
}
@article{genest2013copula,
  title={Copula parameter estimation using Blomqvist’s beta},
  author={Genest, Christian and Carabar{\'\i}n-Aguirre, Alberto and Harvey, Fanny},
  journal={Journal de la Soci{\'e}t{\'e} Fran{\c{c}}aise de Statistique},
  volume={154},
  number={1},
  pages={5--24},
  year={2013}
}
@article{weiss2011copula,
  title={Copula parameter estimation by maximum-likelihood and minimum-distance estimators: a simulation study},
  author={Wei{\ss}, Gregor},
  journal={Computational Statistics},
  volume={26},
  number={1},
  pages={31--54},
  year={2011},
  publisher={Springer}
}
@article{genest1995semiparametric,
  title={A semiparametric estimation procedure of dependence parameters in multivariate families of distributions},
  author={Genest, Christian and Ghoudi, Kilani and Rivest, L-P},
  journal={Biometrika},
  volume={82},
  number={3},
  pages={543--552},
  year={1995},
  publisher={Oxford University Press}
}
@article{oakes1994multivariate,
  title={Multivariate survival distributions},
  author={Oakes, David},
  journal={Journaltitle of Nonparametric Statistics},
  volume={3},
  number={3-4},
  pages={343--354},
  year={1994},
  publisher={Gordon and Breach Science Publishers}
}
@article{genest1995semiparametric,
  title={A semiparametric estimation procedure of dependence parameters in multivariate families of distributions},
  author={Genest, Christian and Ghoudi, Kilani and Rivest, L-P},
  journal={Biometrika},
  volume={82},
  number={3},
  pages={543--552},
  year={1995},
  publisher={Oxford University Press}
}
@article{kim2007comparison,
  title={Comparison of semiparametric and parametric methods for estimating copulas},
  author={Kim, Gunky and Silvapulle, Mervyn J and Silvapulle, Paramsothy},
  journal={Computational Statistics \& Data Analysis},
  volume={51},
  number={6},
  pages={2836--2850},
  year={2007},
  publisher={Elsevier}
}
@book{akaike1973information,
  title={Information theory and an extension of maximum likelihood principle},
  author={Akaike, H},
  booktitle={Proc. 2nd Int. Symp. on Information Theory},
  pages={267--281},
  year={1973}
}
@article{kojadinovic2010comparison,
  title={Comparison of three semiparametric methods for estimating dependence parameters in copula models},
  author={Kojadinovic, Ivan and Yan, Jun},
  journal={Insurance: Mathematics and Economics},
  volume={47},
  number={1},
  pages={52--63},
  year={2010},
  publisher={Elsevier}
}
@article{kim2007comparison,
  title={Comparison of semiparametric and parametric methods for estimating copulas},
  author={Kim, Gunky and Silvapulle, Mervyn J and Silvapulle, Paramsothy},
  journal={Computational Statistics \& Data Analysis},
  volume={51},
  number={6},
  pages={2836--2850},
  year={2007},
  publisher={Elsevier}
}
@book{malouf2002comparison,
  title={A comparison of algorithms for maximum entropy parameter estimation},
  author={Malouf, Robert},
  booktitle={COLING-02: The 6th Conference on Natural Language Learning 2002 (CoNLL-2002)},
  year={2002}
}
@book{scott2015multivariate,
  title={Multivariate density estimation: theory, practice, and visualization},
  author={Scott, David W},
  year={2015},
  publisher={John Wiley \& Sons}
}